@inproceedings{belkin2002using,
  title={Using manifold stucture for partially labeled classification},
  author={Belkin, Mikhail and Niyogi, Partha},
  booktitle={Advances in neural information processing systems},
  pages={929--936},
  year={2002}
}

@article{berard1994embedding,
  title={Embedding Riemannian manifolds by their heat kernel},
  author={B{\'e}rard, Pierre and Besson, G{\'e}rard and Gallot, Sylvain},
  journal={Geometric \& Functional Analysis GAFA},
  volume={4},
  number={4},
  pages={373--398},
  year={1994},
  publisher={Springer}
}

@article{coifman2005geometric,
  title={Geometric diffusions as a tool for harmonic analysis and structure definition of data: Diffusion maps},
  author={Coifman, Ronald R and Lafon, Stephane and Lee, Ann B and Maggioni, Mauro and Nadler, Boaz and Warner, Frederick and Zucker, Steven W},
  journal={Proceedings of the National Academy of Sciences of the United States of America},
  volume={102},
  number={21},
  pages={7426--7431},
  year={2005},
  publisher={National Acad Sciences}
}

@article{article,
  title = {Development of a feeding simulation to evaluate how feeding distribution in aquaculture affects individual differences in growth based on the fish schooling behavioral model},
  author = {Yuki Takahashi, Kazuyoshi Komeyama},
  journal = {PLOS ONE},
  year = {2023},
  volume = {17},
  number = {10},
  pages = {e0280017},
  doi = {10.1371/journal.pone.0280017},
  note = {\url{https://journals.plos.org/plosone/article?id=10.1371/journal.pone.0280017#pone.0280017.ref013}}
}

@article{handeland2008effect,
  title={The effect of temperature and fish size on growth, feed intake, food conversion efficiency and stomach evacuation rate of Atlantic salmon post-smolts},
  author={Handeland, Sigurd O and Imsland, Albert K and Stefansson, Sigurd O},
  journal={Aquaculture},
  volume={283},
  number={1-4},
  pages={36--42},
  year={2008},
  publisher={Elsevier}
}

@article{morales1994effects,
  title={Effects of dietary protein source on growth, feed conversion and energy utilization in rainbow trout, Oncorhynchus mykiss},
  author={Morales, AE and Cardenete, G and De la Higuera, M and Sanz, A},
  journal={Aquaculture},
  volume={124},
  number={1-4},
  pages={117--126},
  year={1994},
  publisher={Elsevier}
}